<?xml version="1.0" encoding="UTF-8"?><collection xmlns="http://www.loc.gov/MARC21/slim"><record><leader>00349nam--2200121-i-4500</leader><controlfield tag="001">000029080</controlfield><controlfield tag="002">20161230</controlfield><controlfield tag="005">20161230201037</controlfield><controlfield tag="008">060222s1000------------r-----000-0-eng-d</controlfield><datafield ind1=" " ind2=" " tag="100"><subfield code="a">Levin, E.M., Robbins, C.R.And Mcmurdie, H.F</subfield></datafield><datafield ind1=" " ind2=" " tag="245"><subfield code="a">Phase diagrams for ceramists</subfield></datafield><datafield ind1=" " ind2=" " tag="260"><subfield code="a">Columbus, Ohio, The American Ceramic Society, 1964, 601p</subfield></datafield><datafield ind1=" " ind2=" " tag="852"><subfield code="a">21911</subfield></datafield></record></collection>